<?xml version="1.0" encoding="UTF-8"?><collection xmlns="http://www.loc.gov/MARC21/slim"><record><leader>00621nam--2200205-i-4500</leader><controlfield tag="001">000011083</controlfield><controlfield tag="002">20161230</controlfield><controlfield tag="005">20161230201029</controlfield><controlfield tag="008">060222s1000------------r-----000-0-eng-d</controlfield><datafield ind1=" " ind2=" " tag="020"><subfield code="a">0720417562</subfield></datafield><datafield ind1=" " ind2=" " tag="040"><subfield code="a">IFIN-HH</subfield></datafield><datafield ind1=" " ind2=" " tag="080"><subfield code="a">539.2:539.12.04:621.0339.54</subfield></datafield><datafield ind1="1" ind2=" " tag="100"><subfield code="a">Leteurtre, J</subfield></datafield><datafield ind1="1" ind2="0" tag="245"><subfield code="a">Irradiation effects in fissile materials</subfield><subfield code="b">Defects in crystalline solids volume 6</subfield><subfield code="c">J. leteurtre, y. quere</subfield></datafield><datafield ind1=" " ind2=" " tag="260"><subfield code="a">Amsterdam</subfield><subfield code="b">North-holland Publishing Company</subfield><subfield code="c">1972</subfield></datafield><datafield ind1=" " ind2=" " tag="300"><subfield code="a">X+128P</subfield></datafield><datafield ind1=" " ind2=" " tag="490"><subfield code="a">Defects In Crystalline Solids</subfield></datafield><datafield ind1="1" ind2=" " tag="700"><subfield code="a">Quere, Y</subfield></datafield><datafield ind1=" " ind2=" " tag="852"><subfield code="a">33839</subfield><subfield code="c">539.2</subfield></datafield><datafield ind1=" " ind2=" " tag="CAT"><subfield code="a">Sys</subfield><subfield code="c">20121018</subfield><subfield code="h">111927</subfield></datafield></record></collection>